<collection xmlns="http://www.loc.gov/MARC21/slim">
<record>
  <leader>02004nam0a2200349 i 450 </leader>
  <controlfield tag="001">IT\ICCU\CNCE\000507</controlfield>
  <controlfield tag="005">20140206000000.0</controlfield>
  <datafield tag="012" ind1=" " ind2=" ">
    <subfield code="a">,&amp;s. u,in o,le ems, (C) 1596 (A)</subfield>
    <subfield code="2">fei</subfield>
  </datafield>
  <datafield tag="100" ind1=" " ind2=" ">
    <subfield code="a">19970101d1596        0itac0103    ba</subfield>
  </datafield>
  <datafield tag="101" ind1=" " ind2=" ">
    <subfield code="a">LAT</subfield>
  </datafield>
  <datafield tag="102" ind1=" " ind2=" ">
    <subfield code="a">IT</subfield>
  </datafield>
  <datafield tag="200" ind1="1" ind2=" ">
    <subfield code="a">℗Sanctissimi d.n.d. Clementis diuina prouidentia papae octaui ℗Confirmatio nonnullorum decretorum per fr. Andream Fiuizanum Ordinis eremitarum sancti Augustini priorem generalem, pro bono ac faelici regimine eiusdem ordinis editorum</subfield>
  </datafield>
  <datafield tag="210" ind1=" " ind2=" ">
    <subfield code="a">Romae</subfield>
    <subfield code="c">ex Typographia Vaticana. Et iterum Firmi</subfield>
    <subfield code="c">apud haeredes Sertorij de Montibus</subfield>
    <subfield code="d">et Ioannem Bonibellum</subfield>
    <subfield code="d">1596</subfield>
  </datafield>
  <datafield tag="215" ind1=" " ind2=" ">
    <subfield code="a">\4! c.</subfield>
    <subfield code="d">4ʻ</subfield>
  </datafield>
  <datafield tag="620" ind1=" " ind2=" ">
    <subfield code="a">IT</subfield>
    <subfield code="d">Fermo</subfield>
  </datafield>
  <datafield tag="710" ind1="0" ind2="2">
    <subfield code="a">Agostiniani</subfield>
    <subfield code="3">IT\ICCU\CNCT\000487</subfield>
  </datafield>
  <datafield tag="702" ind1=" " ind2="0">
    <subfield code="a">Clemens</subfield>
    <subfield code="c"> &lt;papa</subfield>
    <subfield code="c"> ; 8.&gt;</subfield>
    <subfield code="3">IT\ICCU\CNCA\000064</subfield>
  </datafield>
  <datafield tag="702" ind1=" " ind2="1">
    <subfield code="a">Securani,</subfield>
    <subfield code="b">Andrea</subfield>
    <subfield code="3">IT\ICCU\CNCA\000065</subfield>
  </datafield>
  <datafield tag="712" ind1="0" ind2="0">
    <subfield code="a">Monti, Sertorio - eredi &amp; Bonibello, Giovanni</subfield>
    <subfield code="3">IT\ICCU\CNCT\000012</subfield>
    <subfield code="4">650</subfield>
  </datafield>
  <datafield tag="791" ind1="0" ind2="2">
    <subfield code="a">Ordo fratrum eremitarum sancti Augustini</subfield>
    <subfield code="3">15384</subfield>
    <subfield code="z">Agostiniani</subfield>
  </datafield>
  <datafield tag="791" ind1="0" ind2="2">
    <subfield code="a">Congregazione del beato Francesco di Zompano dell&apos;Ordine eremitano di S. Agostino in Calabria</subfield>
    <subfield code="3">15498</subfield>
    <subfield code="z">Agostiniani</subfield>
  </datafield>
  <datafield tag="791" ind1="0" ind2="2">
    <subfield code="a">Congregatio divi Ioannis ad Carbonetum</subfield>
    <subfield code="3">15555</subfield>
    <subfield code="z">Agostiniani</subfield>
  </datafield>
  <datafield tag="791" ind1="0" ind2="2">
    <subfield code="a">Congregatio Heremitarum Regni Siciliae</subfield>
    <subfield code="3">15557</subfield>
    <subfield code="z">Agostiniani</subfield>
  </datafield>
  <datafield tag="791" ind1="0" ind2="2">
    <subfield code="a">Congregatio observantiae Lombardiae Ordinis Fratrum Eremitarum S. Augustini</subfield>
    <subfield code="3">15561</subfield>
    <subfield code="z">Agostiniani</subfield>
  </datafield>
  <datafield tag="791" ind1="0" ind2="2">
    <subfield code="a">Congregatio S. Mariae de Consolatione</subfield>
    <subfield code="3">15562</subfield>
    <subfield code="z">Agostiniani</subfield>
  </datafield>
  <datafield tag="791" ind1="0" ind2="2">
    <subfield code="a">Congregazione di S. Giovanni a Carbonara</subfield>
    <subfield code="3">28561</subfield>
    <subfield code="z">Agostiniani</subfield>
  </datafield>
  <datafield tag="790" ind1=" " ind2="1">
    <subfield code="a">Aldobrandini,</subfield>
    <subfield code="b">Ippolito</subfield>
    <subfield code="3">IT\ICCU\CNCA\007560</subfield>
    <subfield code="z">Clemens &lt;papa ; 8.&gt;</subfield>
  </datafield>
  <datafield tag="790" ind1=" " ind2="0">
    <subfield code="a">Andreas</subfield>
    <subfield code="c"> : de#Fivizzano</subfield>
    <subfield code="3">IT\ICCU\CNCA\023549</subfield>
    <subfield code="z">Securani, Andrea</subfield>
  </datafield>
  <datafield tag="790" ind1=" " ind2="1">
    <subfield code="a">Fivizanus,</subfield>
    <subfield code="b">Andreas</subfield>
    <subfield code="3">IT\ICCU\CNCA\026225</subfield>
    <subfield code="z">Securani, Andrea</subfield>
  </datafield>
  <datafield tag="791" ind1="0" ind2="0">
    <subfield code="a">Bonibello, Giovanni</subfield>
    <subfield code="3">IT\ICCU\CNCT\000013</subfield>
    <subfield code="z">Monti, Sertorio - eredi &amp; Bonibello, Giovanni</subfield>
  </datafield>
  <datafield tag="801" ind1=" " ind2="3">
    <subfield code="a">IT</subfield>
    <subfield code="b">ICCU</subfield>
    <subfield code="c">20201113</subfield>
  </datafield>
  <datafield tag="899" ind1=" " ind2=" ">
    <subfield code="a">Biblioteca del Seminario arcivescovile maggiore. Firenze</subfield>
    <subfield code="1">FI0056</subfield>
    <subfield code="2">RT1 QM</subfield>
  </datafield>
</record>
</collection>
